<record xmlns="http://www.loc.gov/MARC21/slim" xmlns:xsi="http://www.w3.org/2001/XMLSchema-instance" xsi:schemaLocation="http://www.loc.gov/MARC21/slim http://www.loc.gov/standards/marcxml/schema/MARC21slim.xsd" ><leader>00937cam a2200301 i 4500</leader><controlfield tag="005">20151106155445.0</controlfield><controlfield tag="008">790502s1979    njua     b    00100 eng d</controlfield><controlfield tag="001">999469496302121</controlfield><datafield tag="010" ind1=" " ind2=" "><subfield code="a">   78005403 </subfield></datafield><datafield tag="020" ind1=" " ind2=" "><subfield code="a">0843711256</subfield></datafield><datafield tag="035" ind1=" " ind2=" "><subfield code="a">(OCoLC)04919393</subfield></datafield><datafield tag="035" ind1=" " ind2=" "><subfield code="9">AAD6690UW</subfield></datafield><datafield tag="035" ind1=" " ind2=" "><subfield code="a">(WU)36085-uwmadisondb</subfield></datafield><datafield tag="040" ind1=" " ind2=" "><subfield code="a">BBH</subfield><subfield code="b">eng</subfield><subfield code="c">BBH</subfield><subfield code="d">OCL</subfield><subfield code="d">GZM</subfield></datafield><datafield tag="050" ind1=" " ind2=" "><subfield code="a">G1030</subfield><subfield code="b">.T54 1979 2</subfield></datafield><datafield tag="082" ind1=" " ind2=" "><subfield code="a">911</subfield></datafield><datafield tag="245" ind1="0" ind2="4"><subfield code="a">The Times atlas of world history /</subfield><subfield code="c">edited by Geoffrey Barraclough.</subfield></datafield><datafield tag="264" ind1=" " ind2="1"><subfield code="a">Maplewood, N. J. :</subfield><subfield code="b">Hammond,</subfield><subfield code="c">1979.</subfield></datafield><datafield tag="300" ind1=" " ind2=" "><subfield code="a">360 pages :</subfield><subfield code="b">color illustrations ;</subfield><subfield code="c">37 cm</subfield></datafield><datafield tag="336" ind1=" " ind2=" "><subfield code="a">text</subfield><subfield code="b">txt</subfield><subfield code="2">rdacontent</subfield></datafield><datafield tag="337" ind1=" " ind2=" "><subfield code="a">unmediated</subfield><subfield code="b">n</subfield><subfield code="2">rdamedia</subfield></datafield><datafield tag="338" ind1=" " ind2=" "><subfield code="a">volume</subfield><subfield code="b">nc</subfield><subfield code="2">rdacarrier</subfield></datafield><datafield tag="500" ind1=" " ind2=" "><subfield code="a">"Reprinted with revisions."</subfield></datafield><datafield tag="504" ind1=" " ind2=" "><subfield code="a">Bibliography: page 296.</subfield></datafield><datafield tag="650" ind1=" " ind2="0"><subfield code="a">Historical geography</subfield><subfield code="v">Maps.</subfield><subfield code="2">LCSH</subfield><subfield code="0">41-LIBRARY_OF_CONGRESS-sh 85054020</subfield><subfield code="9">Y</subfield></datafield><datafield tag="700" ind1="1" ind2=" "><subfield code="a">Barraclough, Geoffrey,</subfield><subfield code="d">1908-1984.</subfield><subfield code="2">LCNAMES</subfield><subfield code="0">41-LIBRARY_OF_CONGRESS-n  79060570</subfield><subfield code="9">Y</subfield></datafield><datafield tag="730" ind1="0" ind2=" "><subfield code="a">Times (London, England)</subfield><subfield code="2">LCNAMES</subfield><subfield code="0">41-LIBRARY_OF_CONGRESS-n  82037624</subfield><subfield code="9">Y</subfield></datafield><datafield tag="997" ind1=" " ind2=" "><subfield code="a">MARCIVE</subfield></datafield><datafield tag="700" ind1="1" ind2=" "><subfield code="a">Barraclough, G.</subfield><subfield code="q">(Geoffrey),</subfield><subfield code="d">1908-1984</subfield><subfield code="2">LCNAMES</subfield><subfield code="0">41-LIBRARY_OF_CONGRESS-n  79060570</subfield><subfield code="9">N</subfield></datafield><datafield tag="700" ind1="1" ind2=" "><subfield code="a">Pa-le-kʻo-la-fu, Chieh-fu-li,</subfield><subfield code="d">1908-1984</subfield><subfield code="2">LCNAMES</subfield><subfield code="0">41-LIBRARY_OF_CONGRESS-n  79060570</subfield><subfield code="9">N</subfield></datafield><datafield tag="650" ind1=" " ind2="0"><subfield code="a">Atlases, Historical</subfield><subfield code="2">LCSH</subfield><subfield code="0">41-LIBRARY_OF_CONGRESS-sh 85054020</subfield><subfield code="9">N</subfield></datafield><datafield tag="650" ind1=" " ind2="0"><subfield code="a">Historical atlases</subfield><subfield code="2">LCSH</subfield><subfield code="0">41-LIBRARY_OF_CONGRESS-sh 85054020</subfield><subfield code="9">N</subfield></datafield><datafield tag="650" ind1=" " ind2="0"><subfield code="a">Historical maps</subfield><subfield code="2">LCSH</subfield><subfield code="0">41-LIBRARY_OF_CONGRESS-sh 85054020</subfield><subfield code="9">N</subfield></datafield><datafield tag="730" ind1="0" ind2=" "><subfield code="w">nnaa</subfield><subfield code="a">Times, London</subfield><subfield code="2">LCNAMES</subfield><subfield code="0">41-LIBRARY_OF_CONGRESS-n  82037624</subfield><subfield code="9">N</subfield></datafield><datafield tag="730" ind1="0" ind2=" "><subfield code="a">London Times (England)</subfield><subfield code="2">LCNAMES</subfield><subfield code="0">41-LIBRARY_OF_CONGRESS-n  82037624</subfield><subfield code="9">N</subfield></datafield><datafield tag="INST" ind1=" " ind2=" "><subfield code="a">01UWI_NETWORK</subfield><subfield code="b">P</subfield><subfield code="c">71274409510002121</subfield></datafield><datafield tag="INST" ind1=" " ind2=" "><subfield code="a">01UWI_MAD</subfield><subfield code="b">P</subfield><subfield code="c">21469055490002122</subfield></datafield><datafield tag="AVA" ind1=" " ind2=" "><subfield code="0">99360853602122</subfield><subfield code="8">22854727460002122</subfield><subfield code="a">01UWI_MAD</subfield><subfield code="b">REMOTE</subfield><subfield code="c">by request only</subfield><subfield code="d">G1030 .T54 1979</subfield><subfield code="e">available</subfield><subfield code="f">1</subfield><subfield code="g">0</subfield><subfield code="j">vsf</subfield><subfield code="k">0</subfield><subfield code="p">1</subfield><subfield code="q">Verona Shelving Facility</subfield></datafield><datafield tag="AVA" ind1=" " ind2=" "><subfield code="0">99360853602122</subfield><subfield code="8">22469055430002122</subfield><subfield code="a">01UWI_MAD</subfield><subfield code="b">MAP</subfield><subfield code="c">Altas Case</subfield><subfield code="d">G1030 T54 1979</subfield><subfield code="e">check_holdings</subfield><subfield code="j">atlas</subfield><subfield code="k">0</subfield><subfield code="p">2</subfield><subfield code="q">Map Library (Robinson)</subfield></datafield><datafield tag="MMS" ind1=" " ind2=" "><subfield code="b">999469496302121</subfield><subfield code="a">01UWI_NETWORK</subfield></datafield><datafield tag="MMS" ind1=" " ind2=" "><subfield code="b">99360853602122</subfield><subfield code="a">01UWI_MAD</subfield></datafield><datafield tag="BBB" ind1="0" ind2="0"><subfield code="x">c.2 lost and replaced by patron 12/2017</subfield><subfield code="8">22854727460002122</subfield><subfield code="A">01UWI_MAD</subfield></datafield></record>